@misc{s6-ind-pitch,
    author = {Emilia P. Stoyanova},
    year = {2024},
    title = {McEarl: Presentation Pitch},
}
